@misc{wiki,
    author    = "Wikipédia",
    title     = "Bataille Navale",
    howpublished = {\\\url{https://fr.wikipedia.org/wiki/Bataille_navale_(jeu)}}
}

@misc{swing,
    author    = "Jean-Michel DOUDOUX",
    title     = "Le développement d'interfaces graphiques avec SWING",
    howpublished = {\\\url{https://www.jmdoudoux.fr/java/dej/chap-swing.htm}}
}

@misc{mvc,
    author    = "Wikipédia",
    title     = "Modèle-vue-contrôleur",
    howpublished = {\\\url{https://fr.wikipedia.org/wiki/Modèle-vue-contrôleur}}
}
